Record 1
LDR  00478cam^^22001819^^4500
005  20020819183309.0
008  830823c19651964enk           00000 eng  
010       $a 67118666
035       $a REMARC67118666
035  9    $a (UCD)AFB-3893
049       $a MAIN
090       $a PT3919.T7 $b W4
100  1    $a Traven, B.
245  14   $a The White Rose
260  0    $a London, $b R. Hale $c [1965, c1964]
300       $a 206 p. $c 21 cm.
500       $a DVXL: NO 001 IN RECORD; REJECT.
852  0    $a CU-A $b SHLDS $c GEN $h PT3919.T7 $i W4

Record 2
