LDR  00543cam^^2200181^i^4500
001  XPc-001432903
005  20020819183309.0
008        s1928    enk           00011 eng d
035       $a 10985883-B
035  9    $a (UCD)AFB-3894
049       $a CUVA
090       $a PR6045.A55 $b W45 1928
100  1    $a Walsh, Maurice, $d 1879-1964.
245  10   $a While rivers run / $c by Maurice Walsh.
260  0    $a London : $b W. & R. Chambers, $c [1928]
300       $a 352 p. ; $c 19 cm.
500       $a DVXL: 001 DOES NOT BEGIN 'UCD'; REJECT.
852  0    $a CU-A $b SHLDS $c GEN $h PR6045.A55 $i W45 1928

Record 3
