LDR  00822cam^^2200265^a^4500
001  UCD001432904
005  20020819183309.0
008  840423s1983    ctu      b    00110 eng  
010       $a 83003573
020       $a 0300030118
035       $a 84-B11309
035  9    $a (UCD)AFB-3896
049       $a MAIN
082  0    $a 901 $2 19
090       $a D16 $b .F69 1983
100  1    $a Fogel, Robert William.
245  10   $a Which road to the past? : $b two views of history / $c Robert William Fogel and G.R. Elton.
260  0    $a New Haven : $b Yale University Press, $c c1983.
300       $a vii, 136 p. ; $c 22 cm.
500       $a DVXL:001 LACKS HYPHEN AFTER 'UCD'; REJECT.
650   0   $a History $x Methodology.
650   0   $a Historiography.
650   0   $a History $x Philosophy.
700  1    $a Elton, G. R. $q (Geoffrey Rudolph)
852  0    $a CU-A $b SHLDS $c GEN $h D16 $i .F69 1983

Record 4
