LDR  00836dXQ^^22002539^^4500
001  UCD-001432905
005  20020819183309.0
008  830721s1962    enkbe         00000 eng  
010       $a 62002655
035       $a REMARC62002655
035  9    $a (UCD)AFB-3897
043       $a e-uk---
049       $a MAIN
090       $a DA498 $b .W5 1962
100  1    $a Williams, Basil, $d 1867-1950.
250       $a 2d ed.
260  0    $a Oxford, $b Clarendon Press, $c 1962.
300       $a xix, 504 p. $b maps, plan. $c 23 cm.
500       $a DVXL:DELETE REC; HAS NO 245, UNKOWN LOC,BAD BIBLEVEL, BAD TYPE ; DON'T CREATE 998.
651   0   $a Great Britain $x Politics and government $y 1714-1760.
651   0   $a Great Britain $x History $y George I, 1714-1727.
651   0   $a Great Britain $x Social conditions.
830   0   $a Oxford history of England ; $v 11.
852  0    $a CU-A $b BAD $c DOG $h D16 $i .F69 1983

Record 5
