LDR  00656cam^^22002299^^4500
001  UCD-001432909
005  20020819183309.0
008  830714s1947    enkf          00000 eng  
010       $a 47008159
035       $a REMARC47008159
035  9    $a (UCD)AFB-3901
043       $a f-sa---
049       $a MAIN
090       $a DT763 $b .W6
100  1    $a Wolton, Douglas G.
245  10   $a Whither, South Africa?
260  0    $a London, $b Lawrence & Wishart, $c 1947.
300       $a 155 p. $b plates $c 23 cm.
500       $a DVXL: SINGLE 852 HAS NO  $c ; DON'T OUTPUT 852; REJECT.
650   0   $a Indigenous peoples $z South Africa.
651   0   $a South Africa $x History.
852  0    $a CU-A $b SHLDS $h DT763 $i .W6

Record 9
