LDR  00660cam^^2200229^a^4500
001  UCD-001432911
005  20020819183309.0
008  840817r1984    nyu           00011 eng  
010       $a 83022330
020       $a 082530198X
035       $a 84-B22811
035  9    $a (UCD)AFB-3903
049       $a CUVA
082  0    $a 823/.914 $2 19
090       $a PR6057.E72 $b W5 1984
100  1    $a Gerson, Jack.
245  14   $a The Whitehall sanction : $b a novel / $c Jack Gerson.
250       $a 1st American ed.
260  0    $a New York : $b Beaufort Books, $c c1984.
300       $a 235 p. ; $c 22 cm.
500       $a DVXL: SINGLE 852 HAS NO  $b  OR  $c ; DON'T OUTPUT 852; REJECT.
852  0    $a CU-A $h PR6057.E72 $i W5 1984

Record 11
