LDR  01146cam^^22002899^^4500
001  UCD-001432912
005  20020819183309.0
008  830715s1949    at bf         00000 eng  
010       $a 50003400
035       $a REMARC50003400
035  9    $a (UCD)AFB-3904
043       $a u-at---
049       $a MAIN
090       $a HT1523 $b .P7
100  1    $a Price, A. Grenfell $q (Archibald Grenfell), $c Sir, $d 1892-
245  10   $a White settlers and native peoples; $b an historical study of racial contacts between English-speaking whites and aboriginal peoples in the United States, Canada, Australia and New Zealand.
260  0    $a Melbourne, $b Georgian House, $c 1949.
300       $a 232 p. $b plates, maps. $c 22 cm.
500       $a DVXL: 1ST 852 HAS NO  $b ; DON'T OUTPUT 852 FROM IT
500       $a DVXL: 2ST 852 HAS NO  $c ; DON'T OUTPUT 852 FROM IT
500       $a DVXL: 3RD 852 HAS  $b  &  $c ; OUTPUT 852 FROM IT & DON'T REJECT.
650   0   $a Indians of North America.
650   0   $a Maori (New Zealand people)
650   0   $a Australian aborigines $x Government relations.
852  0    $a CU-A $c LOC1 $h HT1523 $i .P7
852  0    $a CU-A $b LOC2 $h HT1523 $i .P7
852  0    $a CU-A $b SHLDS $c GEN $h HT1523 $i .P7

Record 12
