LDR  01014cam^^22002179^^4500
001  UCD-001432914
005  20020819183309.0
008  830714s1928    miuab         00000 eng  
010       $a 29003300
035       $a REMARC29003300
035  9    $a (UCD)AFB-3906
049       $a MAIN
090       $a QL666.O6 $b O7
100  1    $a Ortenburger, A. I. $q (Arthur Irving), $d b. 1898.
245  14   $a The whip snakes and racers: genera Masticophis and Coluber,
260  0    $a Ann Arbor, $b University of Michigan, $c 1928.
300       $a 3 p.l., v-xviii, 247 p. $b illus., xxxvi pl., maps (part fold.) diagrs. $c 28 cm.
500       $a DVXL: OUTPUT THE VARIOUS 852 SUBFIELDS.
650   0   $a Masticophis.
650   0   $a Coluber.
852  0    $6 Link $a CU-A $b SHLDS $c GEN $e Address1 $e Address2 $f CodedLocQualifier $f CodedLocQual2 $g NonCodedLQ1 $g NonCodedLQ2 $h QL666.O6 $i O7 $k Prefix1 $k Prefix2 $l ShelvTitle $m Suffix1 $m Suffix2 $n Cntry $p PieceDesig1 $p PieceDesig2 $q PhysCond $s copyright $t copynum $x NonPub1 $x NonPub2 $z Pub1 $z Pub2 $2 Scheme $3 Holdings1 $3 Holdings2 $8 Sequence $D CollDevDisplay $O ColDevCode

Record 13
LDR  01064cam^^2200289Ma^4500
001  UCD-000495646
005  20020819183309.0
008  990121s1998    ja af    b    001 0 jpn d
020       $c Y53,000
035       $a 41562726
035  9    $a (UCD)AUP-1764
040       $a HIN $c HIN $d CUV
043       $a a-ja---
049       $a UC6A [Asian] [Language] [Coll.] [LIBRARY] [HAS] [v.1-8]
066       $c $1
090       $a DS889.5 $b .K67 1998
100  1    $6 880-01 $a Kōsaka, Masataka, $d 1934-
100  1    $6 880-01/$1 $a 高坂正堯, $d 1934-
245  10   $6 880-02 $a Kōsaka Masataka chosakushū / $c [henshū Kōsaka Masataka Chosakushū Kankōkai]
245  10   $6 880-02/$1 $a 高坂正堯著作集 / $c [編集高坂正堯著作集刊行会]
260       $6 880-03 $a Tōkyō : $b Toshi Shuppan, $c 1998.
260       $6 880-03/$1 $a 東京: $b 都市出版, $c 1998.
300       $a 8 v. : $b ill. ; $c 22 cm.
500       $a DVXL: CJK RECORD.
651   0   $a Japan $x Politics and government $y 20th century.
651   0   $a Japan $x Foreign relations $y 20th century.
852  0    $a CU-A $b SHLDS $c EAL $h DS889.5 $i .K67 1998 $3 v.1-8 $p Subfield p

Record 14
